%%%%%%%%%%%%%%%%%%%%%%%%%%%%%%%%%%%%%%%%%%%%%%%%%%%%%%%%%%%%%%%%%%%%%%%%%%%%%%%%%%%%%%%%%%%%%%%%%%%%%%%%%%%%%
%%%%%%%%%%%%%%%%%%%%%%%%%%%%%%%%%%%%%%%%% TEMPLATE DE REFERENCIAS %%%%%%%%%%%%%%%%%%%%%%%%%%%%%%%%%%%%%%%%%%%
%%%%% LIBROS %%%%%
@book{borgman2003from,
  author       = {Borgman, Christine L.},
  title        = {From Gutenberg to the Global Information Infrastructure},
  subtitle     = {Access to Information in the Networked World},
  location     = {Cambridge (Mass.)},
  publisher    = {The MIT Press},
  date         = {2003},
  pagetotal    = {xviii, 324},
  isbn         = {0-262-52345-0},
  langid       = {english},
}

%%%%% Contribution to a collection %%%%%
@incollection{greenberg1998camel,
  author       = {Greenberg, Douglas},
  title        = {Camel Drivers and Gatecrashers},
  subtitle     = {Quality Control in the Digital Research Library},
  editor       = {Hawkins, Brian L. and Battin, Patricia},
  booktitle    = {The Mirage of Continuity},
  booksubtitle = {Reconfiguring Academic Information Resources for the 21st Century},
  date         = {1998},
  location     = {Washington (D.C.)},
  publisher    = {Council on Library and Information Resources; Association of American Universities},
  isbn         = {1-887334-59-9},
  pages        = {105--116},
  langid       = {english},
}

@collection{sbornik2007,
  title        = {Mimořádně užitečný sborník},
  editor       = {Geniální, Jiří},
  location     = {Praha},
  publisher    = {Academia},
  date         = {2007},
  isbn         = {978-3-4947-0284-1},
  langid       = {czech},
}

@incollection{sbornik2007clanek,
  author       = {Vlaštovka, Josef},
  title        = {Velmi zajímavý článek},
  pages        = {22--45},
  crossref     = {sbornik2007},
}

%%%%%%% Article in a serial %%%%%%%%
@article{lynch2005where,
  author       = {Lynch, Clifford},
  title        = {Where Do We Go From Here?},
  subtitle     = {The Next Decade for Digital Libraries},
  journaltitle = {D-Lib Magazine},
  date         = {2005},
  volume       = {11},
  number       = {7/8},
  issn         = {1082-9873},
  doi          = {10.1045/july2005-lynch},
  url          = {http://www.dlib.org/dlib/july05/lynch/07lynch.html},
  urldate      = {2005-08-15},
  langid       = {english},
}

%%%%% PERIODICO %%%%%%
@periodical{tugboat1980,
  journaltitle = {TUGBoat},
  publisher    = {TUG},
  date         = {1980/},
  issn         = {0896-3207},
  url          = {http://tugboat.tug.org/TUGboat},
  langid       = {english},
  options      = {skipbib=true},
}

@article{knuth1990virtual,
  author       = {Knuth, Donald},
  title        = {Virtual Fonts: More Fun for Grand Wizards},
  date         = {1990-04},
  volume       = {11},
  number       = {1},
  pages        = {13--23},
  url          = {http://tugboat.tug.org/TUGboat/tb11-1/tb27knut.pdf},
  crossref     = {tugboat1980},
}

%%%%% TESIS %%%%%%
@thesis{luptak2016thesis,
  author       = {Lupták, Dávid},
  title        = {Typesetting of Bibliography According to ISO 690 Norm},
  date         = {2016},
  type         = {bathesis},
  institution  = {Masaryk University, Faculty of Informatics},
  location     = {Brno},
  supervisor   = {Sojka, Petr},
  url          = {https://is.muni.cz/th/422640/fi_b/},
}

%%%% PATENTE %%%%%
@patent{groll2008method,
  holder       = {{Clad Metals LLC Canonsburg, PA 15317 (US)}},
  title        = {Method of Making a Copper Core Five-Ply Composite and Cooking Vessel},
  author       = {Groll, W. A.},
  publisher    = {Google Patents},
  number       = {EP 1 094 937 B1},
  type         = {patenteu},
  date         = {2008-07-30},
  origdate     = {1999-05-04},
  url          = {https://patents.google.com/patent/EP1094937B1},
}

%%%%%%%%%%%%%%%%%%%%%%%%%%%%%%%%%%%%%%%%%%%%%%%%%%%%%%%%%%%%%%%%%%%%%%

@online{rockwell2022shandong,
  title        = {Predictive Maintenance Transforms Shandong Mining},
  author       = {{Rockwell Automation}},
  year         = {2022},
  url          = {https://www.rockwellautomation.com/en-us/company/news/case-studies/shandong-mining-digital-transformation.html},
  note         = {Accessed: 2024-08-22}
}

@online{dingo2024,
  title        = {Predictive Maintenance in Mining: The Dingo Case Study},
  author       = {{Dingo}},
  year         = {2024},
  url          = {https://www.dingo.com/case-studies},
  note         = {Accessed: 2024-08-22}
}

@article{yang2020digital,
  title        = {Digital Twin: Conceptions, Technologies and Applications},
  author       = {Yang, Zhenyu and others},
  journal      = {Journal of Mines},
  volume       = {54},
  pages        = {89--96},
  year         = {2020},
  publisher    = {Elsevier}
}

@article{li2021ventilation,
  title        = {Optimizing Mine Ventilation Systems Using Digital Twins},
  author       = {Li, Qiang and others},
  journal      = {International Journal of Mining Engineering},
  volume       = {10},
  pages        = {210--222},
  year         = {2021},
  publisher    = {Springer}
}

@article{metropolis1949monte,
  title        = {The Monte Carlo Method},
  author       = {Metropolis, Nicholas and Ulam, Stanislaw},
  journal      = {Journal of the American Statistical Association},
  volume       = {44},
  number       = {247},
  pages        = {335--341},
  year         = {1949},
  publisher    = {Taylor \& Francis}
}

@book{zienkiewicz1967finite,
  title        = {The Finite Element Method in Structural and Continuum Mechanics},
  author       = {Zienkiewicz, Olgierd Cecil and Cheung, Y. C.},
  year         = {1967},
  publisher    = {McGraw-Hill}
}

@article{owen2014computational,
  title        = {Computational Modelling of Concrete Structures: An Introduction},
  author       = {Owen, David R. H. and Forde, Paul and O’Brien, Edward J.},
  journal      = {Journal of Structural Mechanics},
  volume       = {21},
  number       = {4},
  pages        = {135--156},
  year         = {2014},
  publisher    = {Taylor \& Francis}
}

@article{zhao2019numerical,
  title        = {Numerical Simulation of Fluid Flow and Heat Transfer in Porous Media Using ANSYS},
  author       = {Zhao, Jilin and Wei, Jianping},
  journal      = {Advances in Mechanical Engineering},
  volume       = {11},
  number       = {4},
  pages        = {1687814019842105},
  year         = {2019},
  publisher    = {SAGE Publications Sage UK: London, England}
}

@manual{comsol2015,
  title        = {COMSOL Multiphysics Reference Manual},
  author       = {COMSOL AB},
  year         = {2015}
}

@article{jasak2009openfoam,
  title        = {OpenFOAM: Open Source CFD in Research and Industry},
  author       = {Jasak, Hrvoje and Jemcov, Aleksandar and Tukovic, Zeljko},
  journal      = {International Journal of Naval Architecture and Ocean Engineering},
  volume       = {1},
  number       = {2},
  pages        = {89--94},
  year         = {2009},
  publisher    = {Elsevier}
}

@book{smith2014abaqus,
  title        = {Abaqus/Standard User's Manual, Version 6.14},
  author       = {Smith, John},
  year         = {2014},
  publisher    = {Dassault Systèmes Simulia Corp.}
}

@book{brune2008mine,
  title        = {Mine Ventilation Systems and Their Control},
  author       = {Brune, J. F. and others},
  year         = {2008},
  publisher    = {CRC Press}
}

@manual{ventsim2016,
  title        = {VentSim User Guide: Mine Ventilation Simulation Software},
  author       = {Ventsim Software},
  year         = {2016}
}

@article{galvin2016mining,
  title        = {Mining Simulation for Long-Term Planning and Productivity Analysis},
  author       = {Galvin, Peter and Harrison, Ian and others},
  journal      = {Journal of Mining Science},
  volume       = {52},
  number       = {1},
  pages        = {125--134},
  year         = {2016},
  publisher    = {Springer}
}

@article{gabor2021digital,
  title        = {Digital Twins in the Mining Industry: A Review},
  author       = {Gabor, Ludek and others},
  journal      = {International Journal of Mining Science and Technology},
  volume       = {31},
  number       = {2},
  pages        = {256--272},
  year         = {2021},
  publisher    = {Elsevier}
}

@article{huang2022ventilation,
  title        = {Optimization of Ventilation Systems in Underground Mines Using Digital Twin Technology},
  author       = {Huang, Ming and Zhang, Xiaojun and others},
  journal      = {Journal of Mining and Safety Engineering},
  volume       = {39},
  number       = {5},
  pages        = {612--624},
  year         = {2022},
  publisher    = {Springer}
}

@article{zhang2021iot,
  title        = {IoT-Based Framework for the Integration of Data from Multiple Sources in Smart Mining},
  author       = {Zhang, Wei and others},
  journal      = {Journal of Industrial Information Integration},
  volume       = {22},
  pages        = {100--118},
  year         = {2021},
  publisher    = {Elsevier}
}

@article{greif2020calibration,
  title        = {Calibration and Validation of Digital Twins in the Mining Industry: Challenges and Opportunities},
  author       = {Greif, Michael and others},
  journal      = {Automation in Construction},
  volume       = {115},
  pages        = {103--116},
  year         = {2020},
  publisher    = {Elsevier}
}

@book{mobley2002predictive,
  title        = {An Introduction to Predictive Maintenance},
  author       = {Mobley, R. Keith},
  year         = {2002},
  publisher    = {Elsevier}
}

@article{lee2014predictive,
  title        = {Predictive Maintenance of Complex Systems with Machine Learning and IoT},
  author       = {Lee, Jay and others},
  journal      = {Journal of Manufacturing Science and Engineering},
  volume       = {136},
  number       = {4},
  pages        = {041015},
  year         = {2014},
  publisher    = {ASME}
}

@book{randall2011vibration,
  title        = {Vibration-Based Condition Monitoring: Industrial, Aerospace and Automotive Applications},
  author       = {Randall, Robert Bond},
  year         = {2011},
  publisher    = {John Wiley and Sons}
}

@book{williamson2013infrared,
  title        = {Infrared Thermography: Principles and Practices},
  author       = {Williamson, Keith and others},
  year         = {2013},
  publisher    = {CRC Press}
}

@article{hewson2014oil,
  title        = {Oil Analysis for Condition Monitoring},
  author       = {Hewson, Roger and others},
  journal      = {Lubrication Engineering},
  volume       = {70},
  number       = {4},
  pages        = {31--40},
  year         = {2014},
  publisher    = {STLE}
}

@article{saha2017ultrasound,
  title        = {Ultrasound Condition Monitoring of Rolling Element Bearings},
  author       = {Saha, Shubham and others},
  journal      = {Tribology International},
  volume       = {116},
  pages        = {126--138},
  year         = {2017},
  publisher    = {Elsevier}
}

@article{jardine2006machine,
  title        = {A Review on Machinery Diagnostics and Prognostics Implementing Condition-Based Maintenance},
  author       = {Jardine, Andrew K. S. and Lin, Daming and Banjevic, Dragan},
  journal      = {Mechanical Systems and Signal Processing},
  volume       = {20},
  number       = {7},
  pages        = {1483--1510},
  year         = {2006},
  publisher    = {Elsevier}
}

@book{mukherjee2020predictive,
  title        = {Predictive Maintenance with SAP: Implementing Digital Transformation with Condition-Based Maintenance and Machine Learning},
  author       = {Mukherjee, Saptarshi},
  year         = {2020},
  publisher    = {SAP Press}
}

@article{li2020shandong,
  title        = {IoT-Enabled Predictive Maintenance in Mining: A Case Study of Shandong Mining},
  author       = {Li, Jian and others},
  journal      = {Journal of Cleaner Production},
  volume       = {273},
  pages        = {122937},
  year         = {2020},
  publisher    = {Elsevier}
}

@book{dingomaint2022,
  title        = {Maintenance and Reliability Solutions for the Mining Industry},
  author       = {Dingo Maintenance},
  year         = {2022},
  publisher    = {Dingo Software}
}

@book{bishop2006pattern,
  title        = {Pattern Recognition and Machine Learning},
  author       = {Bishop, Christopher M.},
  year         = {2006},
  publisher    = {Springer}
}

@book{goodfellow2016deep,
  title        = {Deep Learning},
  author       = {Goodfellow, Ian and Bengio, Yoshua and Courville, Aaron},
  year         = {2016},
  publisher    = {MIT Press}
}

@article{brunton2016discovering,
  title        = {Discovering Governing Equations from Data: Sparse Identification of Nonlinear Dynamical Systems},
  author       = {Brunton, Steven L. and Proctor, Joshua L. and Kutz, J. Nathan},
  journal      = {Proceedings of the National Academy of Sciences},
  volume       = {113},
  number       = {15},
  pages        = {3932--3937},
  year         = {2016},
  publisher    = {National Academy of Sciences}
}

@article{kutz2017deep,
  title        = {Deep Learning in Fluid Dynamics},
  author       = {Kutz, J. Nathan},
  journal      = {Journal of Fluid Mechanics},
  volume       = {814},
  pages        = {1--4},
  year         = {2017},
  publisher    = {Cambridge University Press}
}

@article{raissi2019physics,
  title        = {Physics-Informed Neural Networks: A Deep Learning Framework for Solving Forward and Inverse Problems Involving Nonlinear Partial Differential Equations},
  author       = {Raissi, Maziar and Perdikaris, Paris and Karniadakis, George E.},
  journal      = {Journal of Computational Physics},
  volume       = {378},
  pages        = {686--707},
  year         = {2019},
  publisher    = {Elsevier}
}

@article{yang2020data,
  title        = {A Survey on Data Collection for Machine Learning: A Big Data-AI Integration Perspective},
  author       = {Yang, Qing and Wu, Pengcheng and others},
  journal      = {IEEE Transactions on Knowledge and Data Engineering},
  volume       = {32},
  number       = {6},
  pages        = {1--20},
  year         = {2020},
  publisher    = {IEEE}
}

@article{rudin2019stop,
  title        = {Stop Explaining Black Box Machine Learning Models for High Stakes Decisions and Use Interpretable Models Instead},
  author       = {Rudin, Cynthia},
  journal      = {Nature Machine Intelligence},
  volume       = {1},
  number       = {5},
  pages        = {206--215},
  year         = {2019},
  publisher    = {Springer}
}

@article{karniadakis2021physics,
  title        = {Physics-Informed Machine Learning},
  author       = {Karniadakis, George E. and others},
  journal      = {Nature Reviews Physics},
  volume       = {3},
  number       = {6},
  pages        = {422--440},
  year         = {2021},
  publisher    = {Springer}
}

@book{white2006fluid,
  title        = {Fluid Mechanics},
  author       = {White, Frank M.},
  year         = {2006},
  publisher    = {McGraw-Hill}
}

@book{incropera2007fundamentals,
  title        = {Fundamentals of Heat and Mass Transfer},
  author       = {Incropera, Frank P. and DeWitt, David P. and Bergman, Theodore L. and Lavine, Adrienne S.},
  year         = {2007},
  publisher    = {John Wiley and Sons}
}

@book{kays2005convective,
  title        = {Convective Heat and Mass Transfer},
  author       = {Kays, William M. and Crawford, Michael E. and Weigand, Bernhard},
  year         = {2005},
  publisher    = {McGraw-Hill}
}

@book{wilcox2006turbulence,
  title        = {Turbulence Modeling for CFD},
  author       = {Wilcox, David C.},
  year         = {2006},
  publisher    = {DCW Industries}
}

@book{versteeg2007introduction,
  title        = {An Introduction to Computational Fluid Dynamics: The Finite Volume Method},
  author       = {Versteeg, Henk Kaarle and Malalasekera, Weeratunge},
  year         = {2007},
  publisher    = {Pearson Education}
}

@book{zienkiewicz2005finite,
  title        = {The Finite Element Method for Fluid Dynamics},
  author       = {Zienkiewicz, Olgierd C. and Taylor, Robert L. and Nithiarasu, Perumal},
  year         = {2005},
  publisher    = {Elsevier}
}

@book{oberkampf2010verification,
  title        = {Verification and Validation in Scientific Computing},
  author       = {Oberkampf, William L. and Trucano, Timothy G.},
  year         = {2010},
  publisher    = {Cambridge University Press}
}

@book{roache1998verification,
  title        = {Verification and Validation in Computational Science and Engineering},
  author       = {Roache, Patrick J.},
  year         = {1998},
  publisher    = {Hermosa Publishers}
}

@book{brune2008mine,
  title        = {Mine Ventilation Systems and Their Control},
  author       = {Brune, J. F. and others},
  year         = {2008},
  publisher    = {CRC Press}
}

@book{mutmansky2010ventilation,
  title        = {Mine Ventilation and Air Conditioning},
  author       = {Mutmansky, J. M. and Ramani, R. V. and Wang, Y. J.},
  year         = {2010},
  publisher    = {John Wiley \& Sons}
}

@article{hardcastle2000performance,
  title        = {Performance Comparison of Axial and Centrifugal Fans in Mine Ventilation Systems},
  author       = {Hardcastle, S. G. and others},
  journal      = {Journal of Mining and Safety Engineering},
  volume       = {37},
  number       = {3},
  pages        = {45--58},
  year         = {2000},
  publisher    = {Elsevier}
}

@article{zhang2018iot,
  title        = {IoT-Enabled Smart Mine Ventilation Systems: Architecture, Implementation, and Key Challenges},
  author       = {Zhang, Hong and others},
  journal      = {Journal of Cleaner Production},
  volume       = {174},
  pages        = {1357--1368},
  year         = {2018},
  publisher    = {Elsevier}
}

@article{wallace2012experimental,
  title        = {Experimental Analysis of Ventilation Flow in Underground Mining Tunnels},
  author       = {Wallace, R. and others},
  journal      = {Mining Engineering},
  volume       = {64},
  number       = {8},
  pages        = {45--53},
  year         = {2012},
  publisher    = {SME}
}

@article{tian2017cfd,
  title        = {CFD Simulation of Airflow Distribution in an Underground Mine for Ventilation Optimization},
  author       = {Tian, Feng and others},
  journal      = {Journal of Computational and Applied Mathematics},
  volume       = {318},
  pages        = {145--159},
  year         = {2017},
  publisher    = {Elsevier}
}

@article{du2018hybrid,
  title        = {Hybrid Approach for Mine Ventilation Simulation and Optimization},
  author       = {Du, Xiang and others},
  journal      = {International Journal of Mining Science and Technology},
  volume       = {28},
  number       = {4},
  pages        = {591--600},
  year         = {2018},
  publisher    = {Elsevier}
}

@article{parkinson2015theoretical,
  title        = {Theoretical Modeling of Airflow in Underground Mine Ventilation Systems},
  author       = {Parkinson, Alan},
  journal      = {Journal of Mining Science},
  volume       = {51},
  number       = {2},
  pages        = {225--237},
  year         = {2015},
  publisher    = {Springer}
}

@book{msha2020ventilation,
  title        = {Mine Ventilation Standards: Code of Federal Regulations, Title 30},
  author       = {{MSHA, Mine Safety and Health Administration}},
  year         = {2020},
  publisher    = {US Department of Labor}
}

@book{osha2019mining,
  title        = {Occupational Safety and Health Standards for the Mining Industry},
  author       = {{OSHA, Occupational Safety and Health Administration}},
  year         = {2019},
  publisher    = {US Department of Labor}
}

@article{noll2014overview,
  title        = {Overview of Mine Ventilation Regulations and Practices},
  author       = {Noll, James D.},
  journal      = {Mining Engineering},
  volume       = {66},
  number       = {6},
  pages        = {51--57},
  year         = {2014},
  publisher    = {SME}
}

@book{mutmansky2010ventilation,
  title        = {Mine Ventilation and Air Conditioning},
  author       = {Mutmansky, J. M. and Ramani, R. V. and Wang, Y. J.},
  year         = {2010},
  publisher    = {John Wiley and Sons}
}

@book{mcpherson1993subsurface,
  title        = {Subsurface Ventilation and Environmental Engineering},
  author       = {McPherson, M. J.},
  year         = {1993},
  publisher    = {Springer}
}

@article{goldstein2017intelligent,
  title        = {Intelligent Mine Ventilation Systems: A Review of Developments and Advances},
  author       = {Goldstein, Benjamin and others},
  journal      = {Journal of Cleaner Production},
  volume       = {164},
  pages        = {126--135},
  year         = {2017},
  publisher    = {Elsevier}
}

@article{franklin2014respiratory,
  title        = {Respiratory Health and Safety in Underground Mines: Challenges and Solutions},
  author       = {Franklin, Eric and others},
  journal      = {International Journal of Occupational Safety and Ergonomics},
  volume       = {20},
  number       = {1},
  pages        = {33--42},
  year         = {2014},
  publisher    = {Taylor & Francis}
}

@article{cline2011occupational,
  title        = {Occupational Lung Diseases in the Mining Industry},
  author       = {Cline, Scott},
  journal      = {Journal of Occupational and Environmental Medicine},
  volume       = {53},
  number       = {10},
  pages        = {1176--1182},
  year         = {2011},
  publisher    = {Lippincott Williams and Wilkins}
}

@article{chekan2002respirable,
  title        = {Respirable Dust and Gas Monitoring in Underground Mines},
  author       = {Chekan, George J.},
  journal      = {Mining Engineering},
  volume       = {54},
  number       = {7},
  pages        = {51--56},
  year         = {2002},
  publisher    = {SME}
}

@book{mcpherson1993subsurface,
  title        = {Subsurface Ventilation and Environmental Engineering},
  author       = {McPherson, M. J.},
  year         = {1993},
  publisher    = {Springer}
}

@book{hartman1997mine,
  title        = {Mine Ventilation and Air Conditioning},
  author       = {Hartman, H. L. and Mutmansky, J. M. and Wang, Y. J.},
  year         = {1997},
  publisher    = {John Wiley and Sons}
}

@book{brune2008mine,
  title        = {Mine Ventilation Systems and Their Control},
  author       = {Brune, J. F. and others},
  year         = {2008},
  publisher    = {CRC Press}
}

@book{mutmansky2010ventilation,
  title        = {Mine Ventilation and Air Conditioning},
  author       = {Mutmansky, J. M. and Ramani, R. V. and Wang, Y. J.},
  year         = {2010},
  publisher    = {John Wiley and Sons}
}

@article{cline2011occupational,
  title        = {Occupational Lung Diseases in the Mining Industry},
  author       = {Cline, Scott},
  journal      = {Journal of Occupational and Environmental Medicine},
  volume       = {53},
  number       = {10},
  pages        = {1176--1182},
  year         = {2011},
  publisher    = {Lippincott Williams and Wilkins}
}

@book{white2006fluid,
  title        = {Fluid Mechanics},
  author       = {White, Frank M.},
  year         = {2006},
  publisher    = {McGraw-Hill}
}

@book{incropera2007fundamentals,
  title        = {Fundamentals of Heat and Mass Transfer},
  author       = {Incropera, Frank P. and DeWitt, David P. and Bergman, Theodore L. and Lavine, Adrienne S.},
  year         = {2007},
  publisher    = {John Wiley \& Sons}
}

@book{versteeg2007introduction,
  title        = {An Introduction to Computational Fluid Dynamics: The Finite Volume Method},
  author       = {Versteeg, Henk Kaarle and Malalasekera, Weeratunge},
  year         = {2007},
  publisher    = {Pearson Education}
}

@book{wilcox2006turbulence,
  title        = {Turbulence Modeling for CFD},
  author       = {Wilcox, David C.},
  year         = {2006},
  publisher    = {DCW industries}
}

@article{launder1974application,
  title        = {The Application of the k-epsilon Model to Turbulent Flow},
  author       = {Launder, Brian E. and Spalding, D. B.},
  journal      = {Numerical Computation of Internal and External Flows},
  volume       = {1},
  pages        = {200--210},
  year         = {1974},
  publisher    = {Elsevier}
}

@book{wilcox1998turbulence,
  title        = {Turbulence Modeling for CFD},
  author       = {Wilcox, David C.},
  year         = {1998},
  publisher    = {DCW industries}
}

@book{lesieur2005large,
  title        = {Large-Eddy Simulations of Turbulence},
  author       = {Lesieur, Marcel},
  year         = {2005},
  publisher    = {Cambridge University Press}
}

@article{moin1998direct,
  title        = {Direct Numerical Simulation: A Tool in Turbulence Research},
  author       = {Moin, Parviz and Mahesh, Krishnan},
  journal      = {Annual Review of Fluid Mechanics},
  volume       = {30},
  number       = {1},
  pages        = {539--578},
  year         = {1998},
  publisher    = {Annual Reviews}
}

@book{fletcher2012computational,
  title        = {Computational Techniques for Fluid Dynamics: Specific Techniques for Different Flow Categories},
  author       = {Fletcher, Clive A. J.},
  year         = {2012},
  publisher    = {Springer}
}

@article{kuzmin2014cfd,
  title        = {CFD Simulation of Airflow in Underground Mines: Challenges and Solutions},
  author       = {Kuzmin, Alexey and others},
  journal      = {Journal of Mining Science},
  volume       = {50},
  number       = {5},
  pages        = {868--879},
  year         = {2014},
  publisher    = {Springer}
}

@book{beer2012mechanics,
  title        = {Mechanics of Materials},
  author       = {Beer, Ferdinand P. and Johnston, E. Russell and DeWolf, John T. and Mazurek, David F.},
  year         = {2012},
  publisher    = {McGraw-Hill}
}

@book{zienkiewicz2005finite,
  title        = {The Finite Element Method for Fluid Dynamics},
  author       = {Zienkiewicz, Olgierd C. and Taylor, Robert L. and Nithiarasu, Perumal},
  year         = {2005},
  publisher    = {Elsevier}
}

@book{timoshenko1983history,
  title        = {History of Strength of Materials},
  author       = {Timoshenko, Stephen P.},
  year         = {1983},
  publisher    = {Dover Publications}
}

@book{fuchs2014fatigue,
  title        = {Fatigue of Engineering Materials},
  author       = {Fuchs, Hans O. and Stephens, Ralph I.},
  year         = {2014},
  publisher    = {Wiley}
}

@book{incropera2007fundamentals,
  title        = {Fundamentals of Heat and Mass Transfer},
  author       = {Incropera, Frank P. and DeWitt, David P. and Bergman, Theodore L. and Lavine, Adrienne S.},
  year         = {2007},
  publisher    = {John Wiley \& Sons}
}

@book{kays2005convective,
  title        = {Convective Heat and Mass Transfer},
  author       = {Kays, William M. and Crawford, Michael E. and Weigand, Bernhard},
  year         = {2005},
  publisher    = {McGraw-Hill}
}

@book{bathe1996finite,
  title        = {Finite Element Procedures},
  author       = {Bathe, Klaus-Jürgen},
  year         = {1996},
  publisher    = {Prentice Hall}
}

@book{bazilevs2013computational,
  title        = {Computational Fluid-Structure Interaction: Methods and Applications},
  author       = {Bazilevs, Yuri and Takizawa, Kenji and Tezduyar, Tayfun E.},
  year         = {2013},
  publisher    = {John Wiley \& Sons}
}

@book{ferziger2012computational,
  title        = {Computational Methods for Fluid Dynamics},
  author       = {Ferziger, Joel H. and Peric, Milovan},
  year         = {2012},
  publisher    = {Springer}
}

@book{zienkiewicz2005finite,
  title        = {The Finite Element Method for Fluid Dynamics},
  author       = {Zienkiewicz, Olgierd C. and Taylor, Robert L. and Nithiarasu, Perumal},
  year         = {2005},
  publisher    = {Elsevier}
}

@book{white2006fluid,
  title        = {Fluid Mechanics},
  author       = {White, Frank M.},
  year         = {2006},
  publisher    = {McGraw-Hill}
}

@book{timoshenko1983history,
  title        = {History of Strength of Materials},
  author       = {Timoshenko, Stephen P.},
  year         = {1983},
  publisher    = {Dover Publications}
}

@book{versteeg2007introduction,
  title        = {An Introduction to Computational Fluid Dynamics: The Finite Volume Method},
  author       = {Versteeg, Henk Kaarle and Malalasekera, Weeratunge},
  year         = {2007},
  publisher    = {Pearson Education}
}

@book{ferziger2012computational,
  title        = {Computational Methods for Fluid Dynamics},
  author       = {Ferziger, Joel H. and Peric, Milovan},
  year         = {2012},
  publisher    = {Springer}
}

@article{karniadakis2021physics,
  title        = {Physics-Informed Machine Learning},
  author       = {Karniadakis, George E. and others},
  journal      = {Nature Reviews Physics},
  volume       = {3},
  number       = {6},
  pages        = {422--440},
  year         = {2021},
  publisher    = {Springer}
}

@book{oberkampf2010verification,
  title        = {Verification and Validation in Scientific Computing},
  author       = {Oberkampf, William L. and Trucano, Timothy G.},
  year         = {2010},
  publisher    = {Cambridge University Press}
}

@book{roache1998verification,
  title        = {Verification and Validation in Computational Science and Engineering},
  author       = {Roache, Patrick J.},
  year         = {1998},
  publisher    = {Hermosa Publishers}
}

@book{mobley2002predictive,
  title        = {An Introduction to Predictive Maintenance},
  author       = {Mobley, R. Keith},
  year         = {2002},
  publisher    = {Elsevier}
}

@article{lee2014predictive,
  title        = {Predictive Maintenance of Complex Systems with Machine Learning and IoT},
  author       = {Lee, Jay and others},
  journal      = {Journal of Manufacturing Science and Engineering},
  volume       = {136},
  number       = {4},
  pages        = {041015},
  year         = {2014},
  publisher    = {ASME}
}

@article{jardine2006machine,
  title        = {A Review on Machinery Diagnostics and Prognostics Implementing Condition-Based Maintenance},
  author       = {Jardine, Andrew K. S. and Lin, Daming and Banjevic, Dragan},
  journal      = {Mechanical Systems and Signal Processing},
  volume       = {20},
  number       = {7},
  pages        = {1483--1510},
  year         = {2006},
  publisher    = {Elsevier}
}

@article{zhang2019machine,
  title        = {Machine Learning-Based Predictive Maintenance for Industrial Equipment: A Survey},
  author       = {Zhang, Wei and others},
  journal      = {IEEE Transactions on Industrial Informatics},
  volume       = {15},
  number       = {4},
  pages        = {2176--2185},
  year         = {2019},
  publisher    = {IEEE}
}

@book{marquez2012models,
  title        = {Models and Algorithms for Predictive Maintenance},
  author       = {Marquez, F. P. and others},
  year         = {2012},
  publisher    = {Springer}
}

@article{gabor2021digital,
  title        = {Digital Twins in the Mining Industry: A Review},
  author       = {Gabor, Ludek and others},
  journal      = {International Journal of Mining Science and Technology},
  volume       = {31},
  number       = {2},
  pages        = {256--272},
  year         = {2021},
  publisher    = {Elsevier}
}

@article{tao2018digital,
  title        = {Digital Twin-Driven Smart Manufacturing: Connotation, Reference Model, Applications and Research Issues},
  author       = {Tao, Fei and others},
  journal      = {IEEE Transactions on Industrial Informatics},
  volume       = {15},
  number       = {4},
  pages        = {2405--2415},
  year         = {2018},
  publisher    = {IEEE}
}

@article{fuller2020digital,
  title        = {Digital Twin: Enabling Technologies, Challenges and Open Research},
  author       = {Fuller, Albert and Fan, Zhenyu and Day, Christopher and Barlow, Colin},
  journal      = {Journal of Manufacturing Systems},
  volume       = {58},
  pages        = {185--194},
  year         = {2020},
  publisher    = {Elsevier}
}

@book{oberkampf2010verification,
  title        = {Verification and Validation in Scientific Computing},
  author       = {Oberkampf, William L. and Trucano, Timothy G.},
  year         = {2010},
  publisher    = {Cambridge University Press}
}

@book{roache1998verification,
  title        = {Verification and Validation in Computational Science and Engineering},
  author       = {Roache, Patrick J.},
  year         = {1998},
  publisher    = {Hermosa Publishers}
}

@book{montgomery2012applied,
  title        = {Applied Statistics and Probability for Engineers},
  author       = {Montgomery, Douglas C. and Runger, George C.},
  year         = {2012},
  publisher    = {John Wiley \& Sons}
}

@book{karniadakis2021physics,
  title        = {Physics-Informed Machine Learning},
  author       = {Karniadakis, George E. and others},
  year         = {2021},
  publisher    = {Springer}
}

@book{zienkiewicz2005finite,
  title        = {The Finite Element Method for Fluid Dynamics},
  author       = {Zienkiewicz, Olgierd C. and Taylor, Robert L. and Nithiarasu, Perumal},
  year         = {2005},
  publisher    = {Elsevier}
}

@book{ferziger2012computational,
  title        = {Computational Methods for Fluid Dynamics},
  author       = {Ferziger, Joel H. and Peric, Milovan},
  year         = {2012},
  publisher    = {Springer}
}

@book{msha2020ventilation,
  title        = {Mine Ventilation Standards: Code of Federal Regulations, Title 30},
  author       = {{MSHA, Mine Safety and Health Administration}},
  year         = {2020},
  publisher    = {US Department of Labor}
}

@book{mutmansky2010ventilation,
  title        = {Mine Ventilation and Air Conditioning},
  author       = {Mutmansky, J. M. and Ramani, R. V. and Wang, Y. J.},
  year         = {2010},
  publisher    = {John Wiley \& Sons}
}

@book{mcpherson1993subsurface,
  title        = {Subsurface Ventilation and Environmental Engineering},
  author       = {McPherson, M. J.},
  year         = {1993},
  publisher    = {Springer}
}

@article{goldstein2017intelligent,
  title        = {Intelligent Mine Ventilation Systems: A Review of Developments and Advances},
  author       = {Goldstein, Benjamin and others},
  journal      = {Journal of Cleaner Production},
  volume       = {164},
  pages        = {126--135},
  year         = {2017},
  publisher    = {Elsevier}
}

@article{franklin2014respiratory,
  title        = {Respiratory Health and Safety in Underground Mines: Challenges and Solutions},
  author       = {Franklin, Eric and others},
  journal      = {International Journal of Occupational Safety and Ergonomics},
  volume       = {20},
  number       = {1},
  pages        = {33--42},
  year         = {2014},
  publisher    = {Taylor & Francis}
}

@article{khaleel2021ventilation,
  title        = {Ventilation Systems in Underground Mines: A Review of Challenges and Future Prospects},
  author       = {Khaleel, S. and others},
  journal      = {Journal of Mining Science},
  volume       = {57},
  number       = {3},
  pages        = {568--579},
  year         = {2021},
  publisher    = {Springer}
}

@article{du2018application,
  title        = {Application of Computational Fluid Dynamics in Mine Ventilation Design},
  author       = {Du, Yun and others},
  journal      = {Mining Engineering},
  volume       = {70},
  pages        = {22--28},
  year         = {2018},
  publisher    = {SME}
}

@article{li2019risk,
  title        = {Risk Analysis of Underground Ventilation Systems in Mining Operations},
  author       = {Li, Zhang and others},
  journal      = {Safety Science},
  volume       = {113},
  pages        = {232--245},
  year         = {2019},
  publisher    = {Elsevier}
}

@manual{ansys2020simulation,
  title        = {ANSYS Simulation Software User's Guide},
  author       = {{ANSYS, Inc.}},
  year         = {2020},
  note         = {ANSYS, Inc.},
  url          = {https://www.ansys.com}
}

@article{mahadevan2017digital,
  title        = {Digital Twins: Bridging Physical Systems with Data Analytics},
  author       = {Mahadevan, Shankar and others},
  journal      = {Computers in Industry},
  volume       = {81},
  pages        = {57--68},
  year         = {2017},
  publisher    = {Elsevier}
}

@book{mobley2002introduction,
  title        = {An Introduction to Predictive Maintenance},
  author       = {Mobley, R. Keith},
  year         = {2002},
  publisher    = {Elsevier}
}

@article{ahmad2018machine,
  title        = {Machine Learning Techniques for Predictive Maintenance: A Review},
  author       = {Ahmad, Asim and others},
  journal      = {Applied Sciences},
  volume       = {8},
  number       = {12},
  pages        = {2407},
  year         = {2018},
  publisher    = {MDPI}
}

@article{ramesh2018predictive,
  title        = {Predictive Maintenance for Mining Industry Applications},
  author       = {Ramesh, Hariharan and others},
  journal      = {IEEE Transactions on Industry Applications},
  volume       = {54},
  number       = {5},
  pages        = {5003--5011},
  year         = {2018},
  publisher    = {IEEE}
}

@article{li2018mining,
  title        = {Mining Equipment Condition Monitoring: The State of the Art and Trends},
  author       = {Li, Yan and others},
  journal      = {Journal of Mining Science},
  volume       = {54},
  pages        = {931--940},
  year         = {2018},
  publisher    = {Springer}
}

@manual{ansys2020simulation,
  title        = {ANSYS Simulation Software User's Guide},
  author       = {{ANSYS, Inc.}},
  year         = {2020},
  note         = {ANSYS, Inc.},
  url          = {https://www.ansys.com}
}

@article{ren2019machine,
  title        = {Machine Learning Approaches for Predictive Maintenance of Industrial Equipment: A Survey},
  author       = {Ren, Peipei and others},
  journal      = {Journal of Manufacturing Systems},
  volume       = {51},
  pages        = {287--297},
  year         = {2019},
  publisher    = {Elsevier}
}

@article{chen2021data,
  title        = {Data-Driven Predictive Maintenance for Complex Systems: A Comprehensive Review},
  author       = {Chen, Xiang and others},
  journal      = {IEEE Access},
  volume       = {9},
  pages        = {74037--74057},
  year         = {2021},
  publisher    = {IEEE}
}

@article{zhang2020safety,
  title        = {Safety Monitoring and Early Warning Systems in Underground Mining},
  author       = {Zhang, Yong and others},
  journal      = {International Journal of Mining Science and Technology},
  volume       = {30},
  number       = {2},
  pages        = {211--220},
  year         = {2020},
  publisher    = {Elsevier}
}

@article{ANSYS2021,
  title        = {Ansys Fluent Theory Guide, Release 2021},
  author       = {{Ansys Inc.}},
  journal      = {Ansys Documentation},
  year         = {2021},
  publisher    = {Ansys Inc.}
}

@article{Beagle2019,
  title        = {Microcontroller-Based Automation in Underground Mining},
  author       = {Beagle, G. and Smith, R. and June, L.},
  journal      = {IEEE Transactions on Automation Science and Engineering},
  volume       = {16},
  number       = {3},
  pages        = {712--720},
  year         = {2019},
  publisher    = {IEEE}
}

@article{DeSouza2019,
  title        = {Ventilation Systems in Deep Mines: An Evolutionary Perspective},
  author       = {De Souza, E. and Venturini, R. and Macedo, C.},
  journal      = {International Journal of Mining and Mineral Engineering},
  volume       = {10},
  number       = {2},
  pages        = {85--97},
  year         = {2019}
}

@article{Fuller2020,
  title        = {Digital Twin: Enabling Technologies, Challenges and Open Research},
  author       = {Fuller, A. and Fan, Z. and Day, C. and Barlow, C.},
  journal      = {IEEE Access},
  volume       = {8},
  pages        = {108952--108971},
  year         = {2020},
  publisher    = {IEEE}
}

@article{Gillies2012,
  title        = {Improving Mine Ventilation Electric Power Efficiency: An Update},
  author       = {Gillies, A.},
  journal      = {Mining Engineering},
  volume       = {64},
  number       = {8},
  pages        = {19--23},
  year         = {2012}
}

@article{Jasienski2018,
  title        = {Review of Predictive Maintenance Methods in Mining Industry},
  author       = {Jasienski, M. and Kowalski, M. and Nowak, P.},
  journal      = {Archives of Mining Sciences},
  volume       = {63},
  number       = {2},
  pages        = {435--448},
  year         = {2018}
}

@article{Koopman2018,
  title        = {Condition Monitoring for Mining Equipment Using Machine Learning},
  author       = {Koopman, G. and Wang, J. and Aurisch, N.},
  journal      = {IFAC-PapersOnLine},
  volume       = {51},
  number       = {30},
  pages        = {141--146},
  year         = {2018}
}

@article{Kumar2020,
  title        = {Design and Integration of Low-Cost Sensors for Real-Time Mining Applications},
  author       = {Kumar, R. and Sharma, S. and Mathur, J.},
  journal      = {Sensors},
  volume       = {20},
  number       = {10},
  pages        = {2797},
  year         = {2020}
}

@article{OpenFOAM2020,
  title        = {The OpenFOAM Foundation User Guide, Version 7},
  author       = {{OpenCFD Ltd.}},
  journal      = {OpenCFD Documentation},
  year         = {2020},
  publisher    = {{OpenCFD Ltd.}}
}

@article{Sanchis2022,
  title        = {Aplicaci{\'o}n de Mantenimiento Predictivo en Sistemas de Ventilaci{\'o}n Minera},
  author       = {Sanchis, M. and López, L. and García, A.},
  journal      = {Revista Iberoamericana de Ingeniería},
  volume       = {8},
  pages        = {45--54},
  year         = {2022}
}

@article{Vutukuri2017,
  title        = {Ventilation Planning in Mines: Principles and Practices},
  author       = {Vutukuri, V.},
  journal      = {Mining and Geological Engineering},
  volume       = {35},
  number       = {4},
  pages        = {981--993},
  year         = {2017}
}

@article{Zhou2020,
  title        = {CFD Modeling of Ventilation Systems in Underground Mines: A Review},
  author       = {Zhou, W. and Li, X. and Zuo, W.},
  journal      = {International Journal of Mining Science and Technology},
  volume       = {30},
  number       = {5},
  pages        = {687--699},
  year         = {2020}
}

@article{Zhu2021,
  title        = {A Survey on Machine Learning in Predictive Maintenance for Industrial Equipment},
  author       = {Zhu, X. and Chen, L. and Li, J. and Sun, Z.},
  journal      = {IEEE Transactions on Industrial Informatics},
  volume       = {17},
  number       = {7},
  pages        = {4718--4731},
  year         = {2021},
  publisher    = {IEEE}
}

@book{bishop2006,
  title        = {Pattern Recognition and Machine Learning},
  author       = {Bishop, Christopher M.},
  year         = {2006},
  publisher    = {Springer},
}

@book{montgomery2009,
  title        = {Introduction to Statistical Quality Control},
  author       = {Montgomery, Douglas C.},
  year         = {2009},
  edition      = {6th},
  publisher    = {Wiley},
}

@article{zhang2020,
  title        = {Deep Learning-Based Intelligent Maintenance},
  author       = {Zhang, Wei and Chen, Xin},
  journal      = {Procedia Manufacturing},
  volume       = {48},
  pages        = {414--419},
  year         = {2020},
}
